<?xml version="1.0" encoding="UTF-8"?><collection xmlns="http://www.loc.gov/MARC21/slim"><record><leader>00366nam--2200133-i-4500</leader><controlfield tag="001">000025288</controlfield><controlfield tag="002">20161230</controlfield><controlfield tag="005">20161230201035</controlfield><controlfield tag="008">060222s1000------------r-----000-0-eng-d</controlfield><datafield ind1=" " ind2=" " tag="080"><subfield code="a">621.311.2:621.039</subfield></datafield><datafield ind1=" " ind2=" " tag="245"><subfield code="a">Instalatii ale partii conventionale in centralele nuclearoelectrice</subfield></datafield><datafield ind1=" " ind2=" " tag="260"><subfield code="a">Bucuresti, Cde, 1974. 159p</subfield></datafield><datafield ind1=" " ind2=" " tag="490"><subfield code="a">Studiu Documentar</subfield></datafield><datafield ind1=" " ind2=" " tag="852"><subfield code="a">41306</subfield></datafield></record></collection>